@article{Ahmad2019Security,
  title   = {Security for 5G and Beyond},
  author  = {Ijaz Ahmad and S. Shahabuddin and T. Kumar and Jude Okwuibe and A. Gurtov and M. Ylianttila},
  journal = {IEEE Communications Surveys \& Tutorials},
  year    = {2019},
  volume  = {21},
  pages   = {3682-3722},
  doi     = {10.1109/COMST.2019.2916180}
}

@article{Chataut2020Massive,
  title   = {Massive MIMO Systems for 5G and beyond Networksâ€”Overview, Recent Trends, Challenges, and Future Research Direction},
  author  = {Robin Chataut and R. Akl},
  journal = {Sensors (Basel, Switzerland)},
  year    = {2020},
  volume  = {20},
  doi     = {10.3390/s20102753}
}

@article{dangi2021study,
  title     = {Study and investigation on 5G technology: A systematic review},
  author    = {Dangi, Ramraj and Lalwani, Praveen and Choudhary, Gaurav and You, Ilsun and Pau, Giovanni},
  journal   = {Sensors},
  volume    = {22},
  number    = {1},
  year      = {2021},
  publisher = {MDPI}
}

@article{Iwamura2015NGMN,
  title   = {NGMN View on 5G Architecture},
  author  = {M. Iwamura},
  journal = {2015 IEEE 81st Vehicular Technology Conference (VTC Spring)},
  year    = {2015},
  pages   = {1-5},
  doi     = {10.1109/VTCSpring.2015.7145953}
}

@inproceedings{javid20225g,
  title        = {5G Network: Architecture, Protocols, Challenges and Opportunities},
  author       = {Javid, Iqra and Khara, Sibaram},
  booktitle    = {2022 International Conference on Computing, Communication, and Intelligent Systems (ICCCIS)},
  pages        = {1--5},
  year         = {2022},
  organization = {IEEE}
}

@article{Ji2018Overview,
  title   = {Overview of 5G security technology},
  author  = {Xinsheng Ji and Kaizhi Huang and Liang Jin and Hongbo Tang and Caixia Liu and Zhou Zhong and Wei You and Xiaoming Xu and Hua Zhao and Jiangxing Wu and Ming Yi},
  journal = {Science China Information Sciences},
  year    = {2018},
  volume  = {61},
  doi     = {10.1007/s11432-017-9426-4}
}


@article{Jover2018Security,
  title   = {Security and Protocol Exploit Analysis of the 5G Specifications},
  author  = {Roger Piqueras Jover and V. Marojevic},
  journal = {IEEE Access},
  year    = {2018},
  volume  = {7},
  pages   = {24956-24963},
  doi     = {10.1109/ACCESS.2019.2899254}
}

@article{Kathavate2021Critical,
  title   = {Critical Aspects of 5G Technology- A Study on the Drivers, Technology Enhancement, Performance, and Spectrum Usage},
  author  = {Akash R. Kathavate and B. Priya and Rajeshwari Hegde and Sharath Kumar},
  journal = {Asian Journal of Advanced Research and Reports},
  year    = {2021},
  doi     = {10.9734/ajarr/2021/v15i530396}
}

@article{Kathavate2021Critical,
  title   = {Critical Aspects of 5G Technology- A Study on the Drivers, Technology Enhancement, Performance, and Spectrum Usage},
  author  = {Akash R. Kathavate and B. Priya and Rajeshwari Hegde and Sharath Kumar},
  journal = {Asian Journal of Advanced Research and Reports},
  year    = {2021},
  doi     = {10.9734/ajarr/2021/v15i530396}
}

@article{Park20215G,
  title   = {5G Security Threat Assessment in Real Networks},
  author  = {Seongmin Park and Daeun Kim and Youngkwon Park and HyungJin Cho and Dowon Kim and Sungmoon Kwon},
  journal = {Sensors (Basel, Switzerland)},
  year    = {2021},
  volume  = {21},
  doi     = {10.3390/s21165524}
}

@inproceedings{mohan2022cyber,
  title        = {Cyber security threats for 5G networks},
  author       = {Mohan, Jaya Preethi and Sugunaraj, Niroop and Ranganathan, Prakash},
  booktitle    = {2022 IEEE international conference on electro information technology (eIT)},
  pages        = {446--454},
  year         = {2022},
  organization = {IEEE}
}

@article{Kim20205G,
  title   = {5G core network security issues and attack classification from network protocol perspective},
  author  = {Hwankuk Kim},
  journal = {J. Internet Serv. Inf. Secur.},
  year    = {2020},
  volume  = {10},
  pages   = {1-15},
  doi     = {10.22667/JISIS.2020.05.31.001}
}

@article{eleftherakis2024demystifying,
  title={Demystifying Privacy in 5G Stand Alone Networks},
  author={Eleftherakis, Stavros and Otim, Timothy and Santaromita, Giuseppe and Zayas, Almudena Diaz and Giustiniano, Domenico and Kourtellis, Nicolas},
  journal={arXiv preprint arXiv:2409.17700},
  year={2024}
}